
@article{Arkhangelsky1997PZ,
  title = {On a new genus of ichthyosaurs from the Lower Volgian Substage of the Saratov, Volga Region},
  author = {Arkhangelsky, Maxim S},
  date = {1997},
  journaltitle = {Paleontologicheskii Zhurnal},
  shortjournal = {Paleontol. Zhurn.},
  volume = {1997},
  pages = {87--91},
  file = {/Users/bcm/Documents/Zotero_File_Sync/Paleontologicheskii Zhurnal/1997/Arkhangelsky_1997_Paleontol_Zhurn_On_a_new_genus_of_ichthyosaurs_from_the_Lower_Volgian_Substage_of_the_Saratov.pdf},
  keywords = {\#nosource,⛔ No DOI found},
  langid = {russian},
  number = {1}
}

@article{Bardet2000JP,
  title = {A New Ichthyosaur from the {{Upper Jurassic}} Lithographic Limestones of {{Bavaria}}},
  author = {Bardet, Nathalie and Fernández, Marta S},
  date = {2000},
  journaltitle = {Journal of Paleontology},
  shortjournal = {J. Paleontol.},
  volume = {74},
  pages = {503--511},
  doi = {10.1017/S0022336000031760},
  abstract = {Abstract Two ichthyosaurian specimens from the Upper Jurassic lithographic limestones of Bavaria, namely an almost complete skeleton with soft tissue impression and another partial one, are described for the first time. Both belong to the same taxon, which is mainly characterized by a long and slender snout; numerous small, delicate, packed, and well- anchored teeth; a medium size orbit; a reduced triangular squamosal in the cheek region; ...},
  file = {/Users/bcm/Documents/Zotero_File_Sync/Journal of Paleontology/2000/Bardet_Fernández_2000_J_Paleontol_A_new_ichthyosaur_from_the_Upper_Jurassic_lithographic_limestones_of_Bavaria.pdf},
  keywords = {\#nosource,⚠️ Invalid DOI},
  langid = {english},
  number = {3}
}

@article{Efimov1999PZ,
  title = {Ichthyosaurs of a new genus \emph{Yasykovia} from the Upper Jurassic strata of European Russia},
  author = {Efimov, V M},
  date = {1999},
  journaltitle = {Paleontologicheskii Zhurnal},
  shortjournal = {Paleontol. Zhurn.},
  volume = {1999},
  pages = {91--98},
  file = {/Users/bcm/Documents/Zotero_File_Sync/Paleontologicheskii Zhurnal/1999/Efimov_1999_Paleontol_Zhurn_Ichthyosaurs_of_a_new_genus_Yasykovia_from_the_Upper_Jurassic_strata_of_European_Russia.pdf},
  keywords = {\#nosource,⛔ No DOI found,Jurassic,Ophthalmosaurus,Yasykovia},
  langid = {russian}
}

@article{Fischer2012PO,
  ids = {Fischer2012},
  title = {New Ophthalmosaurid Ichthyosaurs from the {{European Lower Cretaceous}} Demonstrate Extensive Ichthyosaur Survival across the {{Jurassic}}–{{Cretaceous}} Boundary},
  author = {Fischer, Valentin and Maisch, Michael W and Naish, Darren and Kosma, Ralf and Liston, Jeff J and Joger, Ulrich and Krüger, Fritz J and Pérez, Judith Pardo and Tainsh, Jessica and Appleby, Robert M},
  date = {2012-01},
  journaltitle = {PLoS ONE},
  volume = {7},
  pages = {e29234-2},
  publisher = {{Public Library of Science}},
  doi = {10.1371/journal.pone.0029234},
  abstract = {Background Ichthyosauria is a diverse clade of marine amniotes that spanned most of the Mesozoic. Until recently, most authors interpreted the fossil record as showing that three major extinction events affected this group during its history: one during the latest Triassic, one at the Jurassic–Cretaceous boundary (JCB), and one (resulting in total extinction) at the Cenomanian-Turonian boundary. The JCB was believed to eradicate most of the peculiar morphotypes found in the Late Jurassic, in favor of apparently less specialized forms in the Cretaceous. However, the record of ichthyosaurs from the Berriasian–Barremian interval is extremely limited, and the effects of the end-Jurassic extinction event on ichthyosaurs remains poorly understood. Methodology/Principal Findings Based on new material from the Hauterivian of England and Germany and on abundant material from the Cambridge Greensand Formation, we name a new ophthalmosaurid, Acamptonectes densus gen. et sp. nov. This taxon shares numerous features with Ophthalmosaurus, a genus now restricted to the Callovian–Berriasian interval. Our phylogenetic analysis indicates that Ophthalmosauridae diverged early in its history into two markedly distinct clades, Ophthalmosaurinae and Platypterygiinae, both of which cross the JCB and persist to the late Albian at least. To evaluate the effect of the JCB extinction event on ichthyosaurs, we calculated cladogenesis, extinction, and survival rates for each stage of the Oxfordian–Barremian interval, under different scenarios. The extinction rate during the JCB never surpasses the background extinction rate for the Oxfordian–Barremian interval and the JCB records one of the highest survival rates of the interval. Conclusions/Significance There is currently no evidence that ichthyosaurs were affected by the JCB extinction event, in contrast to many other marine groups. Ophthalmosaurid ichthyosaurs remained diverse from their rapid radiation in the Middle Jurassic to their total extinction at the beginning of the Late Cretaceous.},
  date-added = {2016-11-04T10:40:37GMT},
  date-modified = {2017-02-01T10:34:01GMT},
  file = {/Users/bcm/Documents/Zotero_File_Sync/PLoS ONE/2012/Fischer_etal_2012_PLoS_ONE_New_ophthalmosaurid_ichthyosaurs_from_the_European_Lower_Cretaceous_demonstrate_extensive_ichthyosaur_survival_across_the.pdf},
  keywords = {Acamptonectes},
  langid = {english},
  local-url = {file://localhost/Volumes/Samsung\%204TB/Dropbox/Documents/Library.papers3/Files/F3/F3860F8C-E425-47CC-9801-26121C079603.pdf},
  number = {1},
  rating = {0},
  read = {Yes},
  uri = {papers3://publication/doi/10.1371/journal.pone.0029234}
}
% == BibLateX quality report for Fischer2012PO:
% Unexpected field 'publisher'
% Unexpected field 'date-added'
% Unexpected field 'date-modified'
% Unexpected field 'local-url'
% Unexpected field 'rating'
% Unexpected field 'read'
% Unexpected field 'uri'

@article{Seeley1874QJGSa,
  title = {On the Pectoral Arch and Fore Limb of {{{\emph{Ophthalmosaurus}}}}, a New Ichthyosaurian Genus from the {{Oxford Clay}}},
  author = {Seeley, Harry Govier},
  date = {1874-02},
  journaltitle = {Quarterly Journal of the Geological Society},
  shortjournal = {Q. J. Geol. Soc.},
  volume = {30},
  pages = {696--707},
  doi = {10.1144/GSL.JGS.1874.030.01-04.64},
  date-added = {2017-01-07T23:07:40GMT},
  date-modified = {2017-02-09T17:29:13GMT},
  file = {/Users/bcm/Documents/Zotero_File_Sync/Quarterly Journal of the Geological Society/1874/Seeley_1874_Quarterly_Journal_of_the_Geological_Society_On_the_pectoral_arch_and_fore_limb_of_Ophthalmosaurus_a_new_ichthyosaurian_genus_from.pdf},
  keywords = {\#nosource,Callovian,Jurassic,Ophthalmosaurus},
  langid = {english},
  local-url = {file://localhost/Volumes/Samsung\%204TB/Dropbox/Documents/Library.papers3/Files/1E/1EF0884D-0A05-4FC2-9AEE-7D78F184507B.pdf},
  number = {1-4},
  rating = {0},
  uri = {papers3://publication/doi/10.1144/GSL.JGS.1874.030.01-04.64}
}
% == BibLateX quality report for Seeley1874QJGSa:
% Unexpected field 'date-added'
% Unexpected field 'date-modified'
% Unexpected field 'local-url'
% Unexpected field 'rating'
% Unexpected field 'uri'

@article{Tyborowski2016APP,
  ids = {Tyborowski2016},
  title = {A New Ophthalmosaurid Ichthyosaur Species from the {{Late Jurassic}} of {{Owadόw}}-{{Brzezinki Quarry}}, {{Poland}}},
  author = {Tyborowski, Daniel},
  date = {2016},
  journaltitle = {Acta Palaeontologica Polonica},
  shortjournal = {Acta Palaeontol. Pol.},
  volume = {61},
  pages = {791--803},
  doi = {10.4202/app.00252.2016},
  date-added = {2017-02-27T13:35:07GMT},
  date-modified = {2017-05-10T10:15:51GMT},
  file = {/Users/bcm/Documents/Zotero_File_Sync/Acta Palaeontologica Polonica/2016/Tyborowski_2016_Acta_Palaeontologica_Polonica_A_new_ophthalmosaurid_ichthyosaur_species_from_the_Late_Jurassic_of_Owadόw-Brzezinki_Quarry_Poland.pdf},
  local-url = {file://localhost/Volumes/Samsung\%204TB/Dropbox/Documents/Library.papers3/Files/9B/9B7F0C83-056D-45BE-86FE-4283864802B0.pdf},
  number = {4},
  rating = {0},
  read = {Yes},
  uri = {papers3://publication/doi/10.4202/app.00252.2016}
}
% == BibLateX quality report for Tyborowski2016APP:
% Unexpected field 'date-added'
% Unexpected field 'date-modified'
% Unexpected field 'local-url'
% Unexpected field 'rating'
% Unexpected field 'read'
% Unexpected field 'uri'

@article{Wagner1853BKAWGA,
  ids = {Wagner1853BKAWGAa},
  title = {Die {{Characteristic}} Einer Neuen {{Art}} von {{{\emph{Ichthyosaurus}}}} Aus Den Lithographischen {{Schiefern}} Und Eines {{Zahnes}} von {{{\emph{Polyptychodon}}}} Aus Dom {{Gründsandstein}} von {{Kelheim}}},
  author = {Wagner, Andreas},
  date = {1853},
  journaltitle = {Bulletin der königliche Akademie der Wissenschaft, Gelehrte Anzeigen},
  shortjournal = {Bull. K. Akad. Wiss. Gelehrte Anzeigen},
  volume = {3},
  pages = {25--35},
  date-added = {2017-01-07T23:07:44GMT},
  date-modified = {2017-02-01T10:34:01GMT},
  keywords = {\#nosource,⛔ No DOI found},
  rating = {0},
  timestamp = {2019-05-21},
  uri = {papers3://publication/uuid/3F8AB41A-7DE6-4179-AB9D-EE3B2D136B32}
}
% == BibLateX quality report for Wagner1853BKAWGA:
% Unexpected field 'date-added'
% Unexpected field 'date-modified'
% Unexpected field 'rating'
% Unexpected field 'timestamp' (added because JabRef format is set to ?)
% Unexpected field 'uri'

@article{Zverkov2019JSP,
  title = {Revision of {{{\emph{Undorosaurus}}}}, a Mysterious {{Late Jurassic}} Ichthyosaur of the {{Boreal Realm}}},
  author = {Zverkov, Nikolay G. and Efimov, Vladimir M.},
  date = {2019-01-24},
  journaltitle = {Journal of Systematic Palaeontology},
  shortjournal = {J. Syst. Palaeontol.},
  pages = {1--31},
  doi = {10.1080/14772019.2018.1515793},
  file = {/Users/bcm/Documents/Zotero_File_Sync/Journal of Systematic Palaeontology/2019/Zverkov_Efimov_2019_J_Syst_Palaeontol_Revision_of_Undorosaurus_a_mysterious_Late_Jurassic_ichthyosaur_of_the_Boreal_Realm.pdf},
  keywords = {Cryopterygius,Jurassic,Tithonian,Undorosaurus},
  langid = {english}
}

@article{Zverkov2020ZJLS,
  title = {Revision of {{{\emph{Nannopterygius}}}} ({{Ichthyosauria}}: {{Ophthalmosauridae}}): Reappraisal of the ‘Inaccessible’ Holotype Resolves a Taxonomic Tangle and Reveals an Obscure Ophthalmosaurid Lineage with a Wide Distribution},
  shorttitle = {Revision of {{Nannopterygius}} ({{Ichthyosauria}}},
  author = {Zverkov, Nikolay G. and Jacobs, Megan L.},
  date = {2020-05-14},
  journaltitle = {Zoological Journal of the Linnean Society},
  shortjournal = {Zool. J. Linn. Soc.},
  volume = {191},
  pages = {228--275},
  doi = {10.1093/zoolinnean/zlaa028},
  abstract = {Abstract.  The Late Jurassic ichthyosaur Nannopterygius is among the poorest known, with the only skeleton, NHMUK PV 46497, on display in the Natural History Mu},
  annotation = {ZSCC: NoCitationData[s1]},
  file = {/Users/bcm/Documents/Zotero_File_Sync/Zoological Journal of the Linnean Society/2020/Zverkov_Jacobs_2020_Zool_J_Linn_Soc_Revision_of_Nannopterygius_(Ichthyosauria_Ophthalmosauridae)_reappraisal_of_the_‘inaccessible’_holotype_resolves_a_taxonomic_tangle2.pdf},
  langid = {english},
  number = {1}
}


